<?xml version="1.0" encoding="UTF-8"?><collection xmlns="http://www.loc.gov/MARC21/slim"><record><leader>00398nam--2200121-i-4500</leader><controlfield tag="001">000041211</controlfield><controlfield tag="002">20161230</controlfield><controlfield tag="005">20161230201043</controlfield><controlfield tag="008">060222s1000------------r-----000-0-eng-d</controlfield><datafield ind1=" " ind2=" " tag="245"><subfield code="a">Seminar m.nicolescu 1959-1960. teoria spectrala in algebre banach (necomunicative) axata pe notiunea de rezolventa</subfield></datafield><datafield ind1=" " ind2=" " tag="260"><subfield code="a">Bucuresti, Ed.Acad.Rpr, 1962. 82 P</subfield></datafield><datafield ind1=" " ind2=" " tag="852"><subfield code="a">8244</subfield><subfield code="c">513.83</subfield></datafield><datafield ind1=" " ind2=" " tag="CAT"><subfield code="a">Sys</subfield><subfield code="c">20080604</subfield><subfield code="h">123123</subfield></datafield></record></collection>